% Encoding: UTF-8

%% macros
@STRING{AAAI = {Proceedings of the National Conference on Artificial Intelligence (AAAI)}}
@STRING{AAW = {Reading, MA, USA}}
@STRING{ACMCOMPSURV = {ACM Computing Surveys}}
@STRING{ADBIS = {Advances in Databases and Information Systems (ADBIS)}}
@STRING{ADDR-MITPRESS = {Cambridge, MA, USA}}
@STRING{AI = {Artificial Intelligence}}
@STRING{AIMAG = {AI Magazine}}
@STRING{AIMC = {Proceedings of the 1st International Workshop on Automated Incident Management in Cloud}}
@STRING{AMG = {New York, NY}}
@STRING{AMK = {San Francisco, CA, USA}}
@STRING{APH = {Englewood Cliffs, NJ, USA}}
@STRING{ASP = {Berlin -- Heidelberg -- New York}}
@STRING{AW = {Addison-Wesley}}
@STRING{BTW = {Proceedings of the Conference Datenbanksysteme in Büro, Technik und Wissenschaft (BTW)}}
@STRING{BTW2 = {Proceedings of the Conference Datenbanksysteme in Business, Technologie und Web Technik (BTW)}}
@STRING{CACM = {Communications of the ACM}}
@STRING{CAISE = {Proceedings of the Conference on Advanced Information Systems Engineering (CAiSE)}}
@STRING{CIDR = {Proceedings of the Conference on Innovative Data Systems Research (CIDR)}}
@STRING{CIKM = {Proceedings of the International Conference on Information and Knowledge Management (CIKM)}}
@STRING{CloudNG = {Proceedings of the 1st International Workshop on Next Generation of Cloud Architectures}}
@STRING{COMAD = {Proceedings of the International Conference on Management of Data (COMAD)}}
@STRING{COOPIS = {Proceedings of the International Conference on Cooperative Information Systems (CoopIS)}}
@STRING{DASFAA = {Proceedings of the International Conference on Database Systems for Advanced Applications (DASFAA)}}
@STRING{DBISP2P = {Proceedings of the International Workshop on Databases, Information Systems and Peer-to-Peer Computing (DBISP2P)}}
@STRING{DBPL = {Proceedings of the International Workshop on Database Programming Languages}}
@STRING{DBSPEKTRUM = {Datenbank Spektrum}}
@STRING{DE = {IEEE Data Engineering Bulletin}}
@STRING{DEXA = {Proceedings of the International Conference on Database and Expert Systems Applications (DEXA)}}
@STRING{DILS = {Proceedings of the International Workshop on Data Integration for the Life Sciences (DILS)}}
@STRING{DKE = {Data and Knowledge Engineering (DKE)}}
@STRING{DOOD = {Proceedings of the International Conference on Deductive and Object-Oriented Databases (DOOD)}}
@STRING{DPUNKT = {dpunkt.verlag, Heidelberg}}
@STRING{DQCIS = {Proceedings of the International Workshop on Data Quality in Cooperative Information Systems (DQCIS)}}
@STRING{EDBT = {Proceedings of the International Conference on Extending Database Technology (EDBT)}}
@STRING{EFIS = {Proceedings of the International Workshop on Engineering Federated Information Systems (EFIS)}}
@STRING{ER = {Proceedings of the International Conference on Conceptual Modeling (ER)}}
@STRING{FDBS = {Proceedings of the Workshop Föderierte Datenbanken (FDBS)}}
@STRING{FOCS = {Proceedings of the Symposium on Foundations of Computer Science}}
@STRING{FQAS = {Proceedings of the International Conference on Flexible Query Answering Systems (FQAS)}}
@STRING{ICAC = {IEEE International Conference on Autonomic Computing (ICAC)}}
@STRING{ICDE = {Proceedings of the International Conference on Data Engineering (ICDE)}}
@STRING{ICDT = {Proceedings of the International Conference on Database Theory (ICDT)}}
@STRING{IDEAS = {Proceedings of the International Database Engineering and Applications Symposium (IDEAS)}}
@STRING{IIWEB = {Proceedings of the International Workshop on Information Integration on the Web (IIWeb)}}
@STRING{IJCAI = {Proceedings of the International Joint Conference on Artificial Intelligence (IJCAI)}}
@STRING{IQ = {Proceedings of the International Conference on Information Quality (IQ)}}
@STRING{IQIS = {Proceedings of the SIGMOD International Workshop on Information Quality for Information Systems (IQIS)}}
@STRING{IS = {Information Systems (IS)}}
@STRING{ISWC = {Proceedings of the International Semantic Web Conference (ISWC)}}
@STRING{JACM = {Journal of the ACM}}
@STRING{JDIGLIB = {Journal of Digital Libraries}}
@STRING{JMOLBIOL = {Journal of Molecular Biology}}
@STRING{KRDB = {Proceedings of the International Workshop on Knowledge Representation Meets Databases (KRDB)}}
@STRING{MG = {McGraw-Hill, Inc.}}
@STRING{MIT = {MIT Press}}
@STRING{MK = {Morgan Kaufmann}}
@STRING{NTII = {Proceedings of the International Workshop on New Trends in Information Integration (NTII)}}
@STRING{PDIS = {Proceeding of the IEEE International Conference on Parallel and Distributed Information Systems(PDIS)}}
@STRING{PH = {Prentice-Hall}}
@STRING{PKDD = {European Conference on Principles of Data Mining and Knowledge Discovery (PKDD)}}
@STRING{PNAS = {Proceedings of the National Academy of Sciences (PNAS)}}
@STRING{PODS = {Proceedings of the Symposium on Principles of Database Systems (PODS)}}
@STRING{PVLDB = {Proceedings of the VLDB Endowment}}
@STRING{QDB = {Proceedings of the International Workshop on Quality in Databases (QDB)}}
@STRING{RIDE = {Proceedings of the International Workshop on Research Issues in Data Engineering (RIDE)}}
@STRING{SCIENCE = {Science}}
@STRING{SIAMJC = {SIAM Journal on Computing}}
@STRING{SIGKDD = {Proceedings of the International Conference on Knowledge discovery and data mining (SIGKDD)}}
@STRING{SIGMOD = {Proceedings of the International Conference on Management of Data (SIGMOD)}}
@STRING{SIGMODREC = {SIGMOD Record}}
@STRING{SP = {Springer Verlag}}
@STRING{SSDBM = {Proceedings of the International Conference on Scientific and Statistical Database Management (SSDBM)}}
@STRING{STOC = {Proceedings of the Symposium on Theory of Computing (STOC)}}
@STRING{TAGT = {Proceedings of the International Workshop on Theory and Application of Graph Transformations (TAGT)}}
@STRING{TKDD = {ACM Transactions on Knowledge Discovery from Data}}
@STRING{TKDE = {IEEE Transactions on Knowledge and Data Engineering (TKDE)}}
@STRING{TODS = {ACM Transactions on Database Systems (TODS)}}
@STRING{TOIS = {ACM Transactions on Information Systems}}
@STRING{VDB = {Proceedings of the International Conference on Visual Database Systems (VDB)}}
@STRING{VLDB = {Proceedings of the International Conference on Very Large Databases (VLDB)}}
@STRING{VLDBJ = {VLDB Journal}}
@STRING{WEBDB = {Proceedings of the ACM Workshop on the Web and Databases (WebDB)}}
@STRING{WISE = {Proceedings of the International Conference on Web Information Systems Engineering (WISE)}}
@STRING{WITS = {Proceedings of the Workshop on Information Technologies and Systems (WITS)}}
@STRING{WWW = {Proceedings of the International World Wide Web Conference (WWW)}}

%% entries

@article{PsaierSurvey,
  author={Psaier, Harald and Dustdar, Schahram},
  title={A survey on self-healing systems: approaches and systems},
  journal={Computing},
  year={2011},
  volume={91},
  number={1},
  pages={43--73},
  doi={10.1007/s00607-010-0107-y}
}

@article{Ghosh,
  author = {Ghosh, Debanjan and Sharman, Raj and Raghav Rao, H. and Upadhyaya, Shambhu},
  title = {Self-healing Systems - Survey and Synthesis},
  journal = {Decision Support Systems},
  year = {2007},
  volume = {42},
  number = {4},
  pages = {2164--2185},
  doi = {10.1016/j.dss.2006.06.011}
} 

@inproceedings{StackCloud,
  author = {Stack, Paul and Xiong, Huanhuan and Mersel, Dali and Makhloufi, Maxime and Terpend, Guillaume and Dong, Dapeng},
  title = {Self-Healing in a Decentralised Cloud Management System},
  booktitle = CloudNG,
  year = {2017},
  pages = {3:1--3:6},
  doi = {10.1145/3068126.3068129}
}

@inproceedings{ToffettiMicroservices,
  author = {Toffetti, Giovanni and Brunner, Sandro and Blöchlinger, Martin and Dudouet, Florian and Edmonds, Andy},
  title = {An architecture for self-managing microservices},
  booktitle = AIMC,
  year = {2015},
  pages = {19-24},
  doi = {10.1145/2747470.2747474}
}

@inproceedings{gru,
  author = {L. {Florio} and E. D. {Nitto}},
  title = {Gru: An Approach to Introduce Decentralized Autonomic Behavior in Microservices Architectures},
  booktitle = ICAC,
  year = {2016},
  pages = {357-362},
  doi = {10.1109/ICAC.2016.25}
}